<?xml version="1.0" encoding="UTF-8"?><collection xmlns="http://www.loc.gov/MARC21/slim"><record><leader>00458nam--2200157-i-4500</leader><controlfield tag="001">000008495</controlfield><controlfield tag="002">20161230</controlfield><controlfield tag="005">20170302171646</controlfield><controlfield tag="008">060222s1000------------r-----000-0-eng-d</controlfield><datafield ind1=" " ind2=" " tag="100"><subfield code="a">Butler, James Newton</subfield></datafield><datafield ind1=" " ind2=" " tag="245"><subfield code="a">The calculus of chemistry. With and introduction to computer programming</subfield></datafield><datafield ind1=" " ind2=" " tag="260"><subfield code="a">New York</subfield><subfield code="b">W.A.Benjamin, Inc</subfield><subfield code="c">1965</subfield></datafield><datafield ind1=" " ind2=" " tag="300"><subfield code="a">X + 150 p</subfield></datafield><datafield ind1=" " ind2=" " tag="700"><subfield code="a">Bobrow, Daniel Gureas Ko</subfield></datafield><datafield ind1=" " ind2=" " tag="852"><subfield code="a">54:681.3.06</subfield></datafield><datafield ind1=" " ind2=" " tag="CAT"><subfield code="a">SYS</subfield><subfield code="c">20170302</subfield><subfield code="h">171646</subfield></datafield></record></collection>